% Scheduling | 6 articles

  @article{misirli-casalicchio-2024,
  author         = {Misirli, Javid and Casalicchio, Emiliano},
  title          = {An Analysis of Methods and Metrics for Task Scheduling in Fog Computing},
  keywords       = {fog computing; task scheduling; internet of things; machine learning; deep learning; cloud computing},
  journal        = {Future Internet},
  volume         = {16},
  year           = {2024},
  number         = {1},
  article-number = {16},
  url            = {https://www.mdpi.com/1999-5903/16/1/16},
  issn           = {1999-5903},
  doi            = {10.3390/fi16010016},
  note           = {used}
} % X

  @inproceedings{rjoub-bentahar-2017,
  author    = {Rjoub, Gaith and Bentahar, Jamal},
  booktitle = {2017 IEEE 5th International Conference on Future Internet of Things and Cloud (FiCloud)},
  title     = {Cloud Task Scheduling Based on Swarm Intelligence and Machine Learning},
  keywords  = {Cloud computing;Scheduling;Particle swarm optimization;Processor scheduling;Optimization;Load management;Cloud Computing;Particle swarm optimization;Ant Colony Optimization;Honey Bee Optimization;Machine Learning;CloudSim;Swarm Intelligence},
  year      = {2017},
  volume    = {},
  number    = {},
  pages     = {272-279},
  doi       = {10.1109/FiCloud.2017.52},
  note      = {used}
} % X

  @article{yousif-et-al-2024,
  author         = {Yousif, Adil and Bashir, Mohammed Bakri and Ali, Awad},
  journal        = {Mathematics},
  title          = {An Evolutionary Algorithm for Task Clustering and Scheduling in IoT Edge Computing},
  keywords       = {edge computing; clustering; resource management; firefly algorithm; particle swarm optimization; differential evolution},
  volume         = {12},
  year           = {2024},
  number         = {2},
  article-number = {281},
  url            = {https://www.mdpi.com/2227-7390/12/2/281},
  issn           = {2227-7390},
  doi            = {10.3390/math12020281},
  note           = {used}
} % X

  @inproceedings{keivani-tapamo-2019,
  author    = {Keivani, Arghavan and Tapamo, Jules-Raymond},
  booktitle = {2019 International Conference on Advances in Big Data, Computing and Data Communication Systems (icABCD)},
  title     = {Task Scheduling in Cloud Computing: A Review},
  keywords  = {Cloud computing; Task analysis; Scheduling algorithms; Scheduling; Quality of service; Resource management; cloud computing; task scheduling; service quality; evolutionary algorithm; economic algorithm},
  year      = {2019},
  volume    = {},
  number    = {},
  pages     = {1-6},
  doi       = {10.1109/ICABCD.2019.8851045}
}

  @article{jang-et-al-2012,
  author   = {Jang, Sung and Kim, Tae and Kim, Jae-Kwon and Lee, Jong},
  title    = {The Study of Genetic Algorithm-based Task Scheduling for Cloud Computing},
  keywords = {Task Scheduling; Genetic Algorithm; Cloud Computing},
  year     = {2012},
  month    = {12},
  pages    = {157-162},
  volume   = {5},
  journal  = {International Journal of Control and Automation}
}


  @article{canali-lancellotti-2019,
  author         = {Canali, Claudia and Lancellotti, Riccardo},
  title          = {GASP: Genetic Algorithms for Service Placement in Fog Computing Systems},
  journal        = {Algorithms},
  volume         = {12},
  year           = {2019},
  number         = {10},
  article-number = {201},
  url            = {https://www.mdpi.com/1999-4893/12/10/201},
  issn           = {1999-4893},
  doi            = {10.3390/a12100201},
  note           = {used}
} % X

% -----------------

% Fuzzy logic | 2 articles

  @inproceedings{ali-et-al-2021,
  author    = {Ali, Hala S. and Rout, Rashmi Ranjan and Parimi, Priyanka and Das, Sajal K.},
  booktitle = {2021 International Conference on COMmunication Systems {\&} NETworkS (COMSNETS)},
  title     = {Real-Time Task Scheduling in Fog-Cloud Computing Framework for IoT Applications: A Fuzzy Logic based Approach},
  keywords  = {Fuzzy logic;Cloud computing;Scheduling algorithms;Real-time systems;Delays;Internet of Things;Task analysis;Cloud computing;fog computing;fuzzy logic;IoT;real-time task scheduling},
  year      = {2021},
  pages     = {556-564},
  doi       = {10.1109/COMSNETS51098.2021.9352931},
  note      = {used}
} % X

  @inproceedings{benblidia-et-al-2019,
  author    = {Benblidia, Mohammed Anis and Brik, Bouziane and Merghem-Boulahia, Leila and Esseghir, Moez},
  booktitle = {2019 15th International Wireless Communications {\&} Mobile Computing Conference (IWCMC)},
  title     = {Ranking Fog nodes for Tasks Scheduling in Fog-Cloud Environments: A Fuzzy Logic Approach},
  keywords  = {Task analysis;Processor scheduling;Job shop scheduling;Cloud computing;Delays;Energy consumption;Fog-Cloud networks;Task scheduling;Fuzzy logic},
  year      = {2019},
  volume    = {},
  number    = {},
  pages     = {1451-1457},
  doi       = {10.1109/IWCMC.2019.8766437},
  note      = {used}
} % X

  @inbook{Hari-et-al-2018,
  author  = {Hari, Dhanya and Govardhanan, Kousalya and Balarksihnan, P. and Raj, P.},
  year    = {2018},
  month   = {05},
  pages   = {175-194},
  title   = {Fuzzy-logic-based decision engine for offloading IoT application using fog computing},
  journal = {Handbook of Research on Cloud and Fog Computing Infrastructures for Data Science},
  doi     = {10.4018/978-1-5225-5972-6.ch009},
  note    = {used}
}

@article{zadeh-1965,
  author  = {L.A. Zadeh},
  title   = {Fuzzy sets},
  journal = {Information and Control},
  volume  = {8},
  number  = {3},
  pages   = {338-353},
  year    = {1965},
  issn    = {0019-9958},
  doi     = {https://doi.org/10.1016/S0019-9958(65)90241-X},
  url     = {https://www.sciencedirect.com/science/article/pii/S001999586590241X},
  note    = {used}
}

-----------------

% Energy efficiency | 5 articles

  @article{abdel-basset-et-al-2021,
  author   = {Abdel-Basset, Mohamed and El-Shahat, Doaa and Elhoseny, Mohamed and Song, Houbing},
  journal  = {IEEE Internet of Things Journal},
  title    = {Energy-Aware Metaheuristic Algorithm for Industrial-Internet-of-Things Task Scheduling Problems in Fog Computing Applications},
  keywords = {Internet of Things;Hafnium;Carbon dioxide emission rate (CDER);energy;fog computing (FC);makespan;metaheuristic;task scheduling},
  year     = {2021},
  volume   = {8},
  number   = {16},
  pages    = {12638-12649},
  doi      = {10.1109/JIOT.2020.3012617},
  note     = {used}
} % X

  @article{he-et-al-2020,
  author   = {He, Zhiming and Zhang, Yin and Tak, Byungchul and Peng, Limei},
  journal  = {IEEE Access},
  title    = {Green Fog Planning for Optimal Internet-of-Thing Task Scheduling},
  keywords = {Task analysis;Planning;Internet of Things;Real-time systems;Wireless communication;Edge computing;Cloud computing;Fog computing;cloud computing;IoT;network planning;energy efficiency},
  year     = {2020},
  volume   = {8},
  number   = {},
  pages    = {1224-1234},
  doi      = {10.1109/ACCESS.2019.2961952},
  note     = {used}
} % X

  @article{wang-et-al-2023,
  author   = {Yan Wang and Wasswa Shafik and Jin-Taek Seong and Aned {Al Mutairi} and Manahil {SidAhmed Mustafa} and Mourad R. Mouhamed},
  title    = {Service delay and optimization of the energy efficiency of a system in fog-enabled smart cities},
  keywords = {Sustainable development goals, Affordable and clean energy, Sustainable cities and communities, Internet of Things, Response time, Computational time, Energy efficiency, ADMM-VS algorithm, Service Delay Minimization},
  journal  = {Alexandria Engineering Journal},
  volume   = {84},
  pages    = {112-125},
  year     = {2023},
  issn     = {1110-0168},
  doi      = {https://doi.org/10.1016/j.aej.2023.10.034},
  url      = {https://www.sciencedirect.com/science/article/pii/S1110016823009365},
  note     = {used}
} % X

  @article{alhumaima-2020,
  author   = {Alhumaima, Raad S.},
  journal  = {China Communications},
  title    = {Energy efficiency and latency analysis of fog networks},
  keywords = {Delays;Power demand;Cloud computing;Computer architecture;Radio frequency;Servers;Energy efficiency;fog communications;cloud networks;models;modelling;power;energy efficiency;delay},
  year     = {2020},
  volume   = {17},
  number   = {4},
  pages    = {66-77},
  doi      = {10.23919/JCC.2020.04.007},
  note     = {used}
} % X

  @article{malik-et-al-2022,
  author   = {Malik, Usman Mahmood and Javed, Muhammad Awais and Zeadally, Sherali and Islam, Saif ul},
  journal  = {IEEE Internet of Things Journal},
  title    = {Energy-Efficient Fog Computing for 6G-Enabled Massive IoT: Recent Trends and Future Opportunities},
  keywords = {6G mobile communication;Edge computing;Internet of Things;Task analysis;Reliability;Performance evaluation;Quality of service;Energy efficiency;fog computing;6G;massive Internet of Things (IoT);offloading},
  year     = {2022},
  volume   = {9},
  number   = {16},
  pages    = {14572-14594},
  doi      = {10.1109/JIOT.2021.3068056},
  note     = {used}
} % X

% -----------------

% CNN | 4 articles

  @inproceedings{alwabi-et-al-2017,
  author    = {Albawi, Saad and Mohammed, Tareq Abed and Al-Zawi, Saad},
  booktitle = {2017 International Conference on Engineering and Technology (ICET)},
  title     = {Understanding of a convolutional neural network},
  keywords  = {Convolution;Neurons;Convolutional neural networks;Feature extraction;Image edge detection;machine learning;artificial neural networks;deep learning;convolutional neural networks;computer vision;Image recognition},
  year      = {2017},
  volume    = {},
  number    = {},
  pages     = {1-6},
  doi       = {10.1109/ICEngTechnol.2017.8308186}
}

  @article{yang-et-al-2022,
  doi       = {10.1371/journal.pone.0279649},
  author    = {Yang, Dexian and Yu, Jiong and Du, Xusheng and He, Zhenzhen and Li, Ping},
  journal   = {PLOS ONE},
  publisher = {Public Library of Science},
  title     = {Energy saving strategy of cloud data computing based on convolutional neural network and policy gradient algorithm},
  year      = {2022},
  month     = {12},
  volume    = {17},
  url       = {https://doi.org/10.1371/journal.pone.0279649},
  pages     = {1-18},
  number    = {12},
  note      = {used}
} % X

  @article{wu-et-al-2021,
  author   = {Wu, Lijun and Lin, Xu and Chen, Zhicong and Huang, Jingchang and Liu, Huawei and Yang, Yang},
  journal  = {IEEE Internet of Things Journal},
  title    = {An Efficient Binary Convolutional Neural Network With Numerous Skip Connections for Fog Computing},
  keywords = {Neural networks;Convolution;Edge computing;Cloud computing;Acceleration;Feature extraction;Internet of Things;Binary convolutional neural networks;concatenation;fog computing;max-pooling operation;skip connections;straight-through estimator (STE)},
  year     = {2021},
  volume   = {8},
  number   = {14},
  pages    = {11357-11367},
  doi      = {10.1109/JIOT.2021.3052105},
  note     = {used}
} % X

  @article{jing-xue-2023,
  author   = {Jing, Bing and Xue, Huimin},
  journal  = {IEEE Access},
  title    = {IoT Fog Computing Optimization Method Based on Improved Convolutional Neural Network},
  keywords = {Internet of Things;Computational modeling;Edge computing;Task analysis;Approximation algorithms;Processor scheduling;Markov processes;MDP;CNN;value function;IoT;fog computing},
  year     = {2024},
  volume   = {12},
  number   = {},
  pages    = {2398-2408},
  doi      = {10.1109/ACCESS.2023.3348133},
  note     = {used}
} % X

-----------------

% FOG computing | 7 articles

  @article{al-musawi-et-al-2023,
  author   = {Al-Musawi, Mohammed and Alrseetmiwe, Dunya and Saad, Zahraa},
  title    = {Fog computing system for internet of things: Survey},
  keywords = {fog computing; Internet of Things (IoT); Fog benefit; IoT Application},
  year     = {2023},
  month    = {11},
  pages    = {1\_10},
  volume   = {16},
  note     = {used}
} % X

  @article{kraemer-et-al-2017,
  author   = {Kraemer, Frank Alexander and Braten, Anders Eivind and Tamkittikhun, Nattachart and Palma, David},
  journal  = {IEEE Access},
  title    = {Fog Computing in Healthcare-A Review and Discussion},
  keywords = {Edge computing;Medical services;Wireless sensor networks;Cloud computing;Computer architecture;Wireless communication;Monitoring;Body sensor networks;fog computing;healthcare;health information management;internet of things;sensor devices;wireless sensor networks},
  year     = {2017},
  volume   = {5},
  number   = {},
  pages    = {9206-9222},
  doi      = {10.1109/ACCESS.2017.2704100}
}

  @inproceedings{shanhe-et-al-2015,
  author    = {Yi, Shanhe and Hao, Zijiang and Qin, Zhengrui and Li, Qun},
  booktitle = {2015 Third IEEE Workshop on Hot Topics in Web Systems and Technologies (HotWeb)},
  title     = {Fog Computing: Platform and Applications},
  keywords  = {Cloud computing;Virtualization;Mobile communication;Servers;Real-time systems;Logic gates;Delays;fog computing;edge computing;mobile cloud computing},
  year      = {2015},
  volume    = {},
  number    = {},
  pages     = {73-78},
  doi       = {10.1109/HotWeb.2015.22}
}

  @inproceedings{shanhe-et-al-2015-survey,
  author    = {Yi, Shanhe and Li, Cheng and Li, Qun},
  title     = {A Survey of Fog Computing: Concepts, Applications and Issues},
  keywords  = {review, mobile edge computing, mobile cloud computing, fog computing, edge computing, cloud computing},
  year      = {2015},
  isbn      = {9781450335249},
  publisher = {Association for Computing Machinery},
  address   = {New York, NY, USA},
  url       = {https://doi.org/10.1145/2757384.2757397},
  doi       = {10.1145/2757384.2757397},
  booktitle = {Proceedings of the 2015 Workshop on Mobile Big Data},
  pages     = {37-42},
  numpages  = {6},
  location  = {Hangzhou, China},
  series    = {Mobidata '15}
}

  @inbook{rana-abubacker-2023,
  author = {Rana, Muhammad Ehsan and Abubacker, Nirase},
  title  = {Fog Computing Foundations},
  year   = {2023},
  month  = {06},
  pages  = {1-20},
  isbn   = {9781668444665},
  doi    = {10.4018/978-1-6684-4466-5.ch001},
  note   = {used}
} % X

  @inbook{abubacker-et-al-2023,
  author = {Abubacker, Nirase and Rana, Muhammad Ehsan and Raheem, Mafas},
  title  = {Fog Computing Applications},
  year   = {2023},
  month  = {06},
  pages  = {30-58},
  isbn   = {9781668444665},
  doi    = {10.4018/978-1-6684-4466-5.ch003},
  note   = {used}
} % X

  @inproceedings{bonomi-et-al-2012,
  author    = {Bonomi, Flavio and Milito, Rodolfo and Zhu, Jiang and Addepalli, Sateesh},
  title     = {Fog computing and its role in the internet of things},
  keywords  = {wsan, software defined networks, real time systems, iot, fog computing, cloud computing, analytics},
  year      = {2012},
  isbn      = {9781450315197},
  publisher = {Association for Computing Machinery},
  address   = {New York, NY, USA},
  url       = {https://doi.org/10.1145/2342509.2342513},
  booktitle = {Proceedings of the First Edition of the MCC Workshop on Mobile Cloud Computing},
  pages     = {13-16},
  numpages  = {4},
  location  = {Helsinki, Finland},
  series    = {MCC '12},
  doi       = {10.1145/2342509.2342513},
  note      = {used}
} % X

  @misc{ashton-2009,
  author       = {Ashton, Kevin},
  title        = {That 'Internet of Things' Thing - RFID Journal},
  howpublished = {\url{https://web.archive.org/web/20130415194522/http://www.rfidjournal.com/articles/view?4986}},
  month        = {06},
  year         = {2009},
  note         = {used}
}

@misc{chetansharma-2016,
  author       = {CHETAN SHARMA},
  title        = {Correcting the IoT History},
  howpublished = {\url{https://www.chetansharma.com/correcting-the-iot-history/}},
  month        = {03},
  year         = {2016},
  note         = {used}
}

% other

  @misc{fuzzylite,
  author = {Juan Rada-Vilela},
  title  = {The FuzzyLite Libraries for Fuzzy Logic Control},
  url    = {https://fuzzylite.com},
  year   = {2018},
  note   = {used}
} % X

@book{weka,
  author    = {Eibe Frank and Mark A. Hall and Ian H. Witten},
  keywords  = {src},
  title     = {The WEKA Workbench},
  year      = {2016},
  publisher = {Morgan Kaufmann},
  edition   = {Fourth},
  url       = {https://ml.cms.waikato.ac.nz/weka/},
  note      = {used}
}

@article{yager-rybalov-1998,
  author   = {Yager, R.R. and Rybalov, A.},
  journal  = {IEEE Transactions on Systems, Man, and Cybernetics, Part B (Cybernetics)},
  title    = {Full reinforcement operators in aggregation techniques},
  keywords = {Humans;Diseases;Fuzzy sets;Commutation;Fuzzy systems;Logic;Intelligent systems;Pattern recognition;Information retrieval;Diagnostic expert systems},
  year     = {1998},
  volume   = {28},
  number   = {6},
  pages    = {757-769},
  doi      = {10.1109/3477.735386},
  note     = {used}
}

@article{doncescu-et-al-2007,
  title   = {Analysis of new aggregation operators: Mean 3pi},
  author  = {Doncescu, Andrei and Rgis, S and Inoue, Katsumi and Emilion, Richard},
  journal = {Journal of Advanced Computational Intelligence and Intelligent Informatics},
  volume  = {11},
  number  = {6},
  year    = {2007}
}

  @misc{cscmuedu,
  author       = {Carnegie Mellon University},
  title        = {The "Only" Coke Machine on the Internet},
  howpublished = {\url{https://www.cs.cmu.edu/~coke/history_long.txt}},
  month        = {},
  year         = {},
  note         = {used}
}

  @misc{evans-2011,
  author       = {Dave Evans},
  title        = {The Internet of Things, How the Next Evolution of the Internet Is Changing Everything},
  howpublished = {\url{https://www.cisco.com/c/dam/en_us/about/ac79/docs/innov/IoT_IBSG_0411FINAL.pdf}},
  month        = {04},
  year         = {2011},
  note         = {used}
}

@misc{gfg,
  author       = {Satyabrata Jena},
  title        = {Difference Between Edge Computing and Fog Computing},
  keywords     = {src},
  howpublished = {\url{https://www.geeksforgeeks.org/difference-between-edge-computing-and-fog-computing/}},
  month        = {},
  year         = {2022},
  note         = {used}
}

@misc{onlogic,
  author       = {Overheid Andrew},
  title        = {Understanding Fog Computing vs Edge Computing},
  keywords     = {src},
  howpublished = {\url{https://www.onlogic.com/eu/blog/fog-computing-vs-edge-computing/}},
  month        = {},
  year         = {2021},
  note         = {used}
}

@misc{baeldung,
  author       = {Quang Trung Luu},
  title        = {What Is Fog Computing?},
  keywords     = {src},
  howpublished = {\url{https://www.baeldung.com/cs/fog-computing}},
  month        = {},
  year         = {2024},
  note         = {used}
}

@misc{medium-j48,
  author       = {Nilima Khanna},
  title        = {J48 Classification (C4.5 Algorithm) in a Nutshell},
  howpublished = {\url{https://medium.com/@nilimakhanna1/j48-classification-c4-5-algorithm-in-a-nutshell-24c50d20658e}},
  month        = {8},
  year         = {2021},
  note         = {used},
  keywords     = {src}
}

@misc{wiki-weka,
  author       = {},
  title        = {Weka (software) - Wikipedia},
  howpublished = {\url{https://en.wikipedia.org/wiki/Weka_(software)}},
  month        = {},
  year         = {},
  note         = {used},
  keywords     = {src}
}

  @misc{wiki-fuzzy,
  author       = {},
  title        = {Fuzzy logic - Wikipedia},
  howpublished = {\url{https://en.wikipedia.org/wiki/Fuzzy_logic}},
  month        = {},
  year         = {},
  note         = {used},
  keywords     = {src}
}

 @misc{nada-belaidi-cnn,
  author = {Nada Belaidi},
  title  = {Réseaux convolutifs (CNN) : comment ça marche ?},
  url    = {https://blent.ai/blog/a/cnn-comment-ca-marche},
  month  = {6},
  year   = {2022},
  note   = {used}
}

  @book{bartz-stockmar-2018,
  author       = {Dietmar Bartz and Ellen Stockmar},
  howpublished = {\url{https://gef.eu/publication/energy-atlas-2018/}},
  url          = {https://gef.eu/publication/energy-atlas-2018/},
  title        = {Energy Atlas 2018},
  month        = {4},
  year         = {2018},
  note         = {used}
}

@misc{laas-cnrs,
  author       = {},
  title        = {La recherche au LAAS-CNRS},
  keywords     = {src},
  howpublished = {\url{https://www.laas.fr/fr/recherche/}},
  month        = {},
  year         = {},
  note         = {used}
}

@misc{echo-science,
  author       = {ECHOSCIENCES - Occitanie},
  title        = {Portes ouvertes du LAAS-CNRS},
  howpublished = {\url{https://www.echosciences-sud.fr/evenements/portes-ouvertes-du-laas-cnrs}},
  month        = {},
  year         = {},
  note         = {used}
}

@misc{wiki-laas,
  author       = {},
  title        = {Laboratoire d'analyse et d'architecture des systèmes — Wikipédia},
  keywords     = {src},
  howpublished = {\url{https://fr.wikipedia.org/wiki/Laboratoire_d%27analyse_et_d%27architecture_des_syst%C3%A8mes}},
  month        = {},
  year         = {}
}